<?xml version="1.0" encoding="UTF-8"?><collection xmlns="http://www.loc.gov/MARC21/slim"><record><leader>00578nam--2200181-i-4500</leader><controlfield tag="001">000036389</controlfield><controlfield tag="002">20161230</controlfield><controlfield tag="005">20161230201040</controlfield><controlfield tag="008">060222s1000------------r-----000-0-eng-d</controlfield><datafield ind1=" " ind2=" " tag="040"><subfield code="a">IFIN-HH</subfield></datafield><datafield ind1=" " ind2=" " tag="080"><subfield code="a">539.14:539.18</subfield></datafield><datafield ind1="1" ind2=" " tag="100"><subfield code="a">Porter, Charles E</subfield></datafield><datafield ind1="1" ind2="0" tag="245"><subfield code="a">Statistical theories of spectra: fluctuations</subfield><subfield code="b">A collection of reprints and original papers - with an introduction review by</subfield><subfield code="c">Charles e. porter</subfield></datafield><datafield ind1=" " ind2=" " tag="260"><subfield code="a">New York</subfield><subfield code="b">Academic Press</subfield><subfield code="c">1965</subfield></datafield><datafield ind1=" " ind2=" " tag="300"><subfield code="a">XV + 576P</subfield></datafield><datafield ind1=" " ind2=" " tag="490"><subfield code="a">Perspectives In Physics</subfield></datafield><datafield ind1=" " ind2=" " tag="852"><subfield code="a">21785</subfield><subfield code="c">539.14</subfield></datafield><datafield ind1=" " ind2=" " tag="CAT"><subfield code="a">Sys</subfield><subfield code="c">20120323</subfield><subfield code="h">124428</subfield></datafield></record></collection>